<record><leader>00000cas a22000007a 4500</leader><controlfield tag="001">20485542</controlfield><controlfield tag="008">891013d188019uumduwr ne      0    0eng d</controlfield><datafield ind1=" " ind2=" " tag="010"><subfield code="a">sn 89060195 </subfield></datafield><datafield ind1=" " ind2=" " tag="040"><subfield code="a">MFN</subfield><subfield code="b">eng</subfield><subfield code="c">MFN</subfield><subfield code="d">NVK</subfield><subfield code="d">OCLCQ</subfield><subfield code="d">OCLCF</subfield><subfield code="d">OCLCO</subfield></datafield><datafield ind1="1" ind2=" " tag="029"><subfield code="a">AU@</subfield><subfield code="b">000020105466</subfield></datafield><datafield ind1=" " ind2=" " tag="042"><subfield code="a">msc</subfield></datafield><datafield ind1=" " ind2=" " tag="043"><subfield code="a">n-us-md</subfield></datafield><datafield ind1="0" ind2=" " tag="130"><subfield code="a">Mail (Hagerstown, Md. : 1880)</subfield></datafield><datafield ind1="1" ind2="4" tag="245"><subfield code="a">The mail.</subfield></datafield><datafield ind1="3" ind2="0" tag="246"><subfield code="a">Hagerstown mail</subfield></datafield><datafield ind1=" " ind2=" " tag="260"><subfield code="a">Hagerstown, Md. :</subfield><subfield code="b">E. Bell &amp; T.J.C. Williams,</subfield><subfield code="c">1880-</subfield></datafield><datafield ind1=" " ind2=" " tag="300"><subfield code="a">v.</subfield></datafield><datafield ind1=" " ind2=" " tag="310"><subfield code="a">Weekly</subfield></datafield><datafield ind1="0" ind2=" " tag="362"><subfield code="a">Vol. 52, no. 37 (Mar. 12, 1880)-</subfield></datafield><datafield ind1=" " ind2=" " tag="500"><subfield code="a">Published as: Hagerstown mail, Aug. 21, 1891-Mar. 25, 1892.</subfield></datafield><datafield ind1=" " ind2=" " tag="530"><subfield code="a">Available on microfilm from UMI.</subfield></datafield><datafield ind1=" " ind2="0" tag="651"><subfield code="a">Hagerstown (Md.)</subfield><subfield code="v">Newspapers.</subfield></datafield><datafield ind1=" " ind2="7" tag="655"><subfield code="a">Newspapers.</subfield><subfield code="2">fast</subfield><subfield code="0">(OCoLC)fst01423814</subfield></datafield><datafield ind1=" " ind2="7" tag="651"><subfield code="a">Maryland</subfield><subfield code="z">Hagerstown.</subfield><subfield code="2">fast</subfield><subfield code="0">(OCoLC)fst01206554</subfield></datafield><datafield ind1=" " ind2=" " tag="752"><subfield code="a">United States</subfield><subfield code="b">Maryland</subfield><subfield code="c">Washington</subfield><subfield code="d">Hagerstown.</subfield></datafield><datafield ind1="0" ind2=" " tag="775"><subfield code="t">Daily mail (Hagerstown, Md.)</subfield><subfield code="w">(DLC)sn 83016197</subfield></datafield><datafield ind1="0" ind2="0" tag="780"><subfield code="t">Hagerstown mail (Hagerstown, Md. : 1835)</subfield><subfield code="w">(DLC)sn 84026710</subfield></datafield></record>